@inproceedings{riedy2013multithreaded,
  title={Multithreaded community monitoring for massive streaming graph data},
  author={Riedy, Jason and Bader, David A},
  booktitle={Parallel and Distributed Processing Symposium Workshops \& PhD Forum (IPDPSW), 2013 IEEE 27th International},
  pages={1646--1655},
  year={2013},
  organization={IEEE}
}

@book{eppstein2010listing,
  title={Listing all maximal cliques in sparse graphs in near-optimal time},
  author={Eppstein, David and L{\"o}ffler, Maarten and Strash, Darren},
  year={2010},
  publisher={Springer}
}

@article{hochreiter1997long,
  title={Long short-term memory},
  author={Hochreiter, Sepp and Schmidhuber, J{\"u}rgen},
  journal={Neural computation},
  volume={9},
  number={8},
  pages={1735--1780},
  year={1997},
  publisher={MIT Press}
}

@article{srivastava2014dropout,
  title={Dropout: A simple way to prevent neural networks from overfitting},
  author={Srivastava, Nitish and Hinton, Geoffrey and Krizhevsky, Alex and Sutskever, Ilya and Salakhutdinov, Ruslan},
  journal={The Journal of Machine Learning Research},
  volume={15},
  number={1},
  pages={1929--1958},
  year={2014},
  publisher={JMLR. org}
}

@article{zaremba2014recurrent,
  title={Recurrent neural network regularization},
  author={Zaremba, Wojciech and Sutskever, Ilya and Vinyals, Oriol},
  journal={arXiv preprint arXiv:1409.2329},
  year={2014}
}

@article{blei2003latent,
  title={Latent dirichlet allocation},
  author={Blei, David M and Ng, Andrew Y and Jordan, Michael I},
  journal={the Journal of machine Learning research},
  volume={3},
  pages={993--1022},
  year={2003},
  publisher={JMLR. org}
}

@article{salakhutdinov2007semantic,
  title={Semantic hashing},
  author={Salakhutdinov, Ruslan and Hinton, Geoffrey},
  journal={RBM},
  volume={500},
  number={3},
  pages={500},
  year={2007}
}

@inproceedings{sutskever2007learning,
  title={Learning multilevel distributed representations for high-dimensional sequences},
  author={Sutskever, Ilya and Hinton, Geoffrey E},
  booktitle={International Conference on Artificial Intelligence and Statistics},
  pages={548--555},
  year={2007}
}

@inproceedings{sutskever2014sequence,
  title={Sequence to sequence learning with neural networks},
  author={Sutskever, Ilya and Vinyals, Oriol and Le, Quoc VV},
  booktitle={Advances in Neural Information Processing Systems},
  pages={3104--3112},
  year={2014}
}

@article{le2008representational,
  title={Representational power of restricted Boltzmann machines and deep belief networks},
  author={Le Roux, Nicolas and Bengio, Yoshua},
  journal={Neural Computation},
  volume={20},
  number={6},
  pages={1631--1649},
  year={2008},
  publisher={MIT Press}
}

@article{mikolov2013efficient,
  title={Efficient estimation of word representations in vector space},
  author={Mikolov, Tomas and Chen, Kai and Corrado, Greg and Dean, Jeffrey},
  journal={arXiv preprint arXiv:1301.3781},
  year={2013}
}

@article{nevill1997identifying,
  title={Identifying hierarchical strcture in sequences: A linear-time algorithm},
  author={Nevill-Manning, Craig G. and Witten, Ian H.},
  journal={J. Artif. Intell. Res.(JAIR)},
  volume={7},
  pages={67--82},
  year={1997}
}

@article{melard1984algorithm,
  title={Algorithm AS 197: A fast algorithm for the exact likelihood of autoregressive-moving average models},
  author={Melard, Guy},
  journal={Applied Statistics},
  pages={104--114},
  year={1984},
  publisher={JSTOR}
}

@inproceedings{hartmann2007prediction,
  title={Prediction Algorithms for User Actions.},
  author={Hartmann, Melanie and Schreiber, Daniel},
  booktitle={LWA},
  pages={349--354},
  year={2007}
}

@article{dekel2009individual,
  title={Individual sequence prediction using memory-efficient context trees},
  author={Dekel, Ofer and Shalev-Shwartz, Shai and Singer, Yoram},
  journal={Information Theory, IEEE Transactions on},
  volume={55},
  number={11},
  pages={5251--5262},
  year={2009},
  publisher={IEEE}
}

@inproceedings{yun2014streaming,
  title={Streaming, Memory Limited Algorithms for Community Detection},
  author={Yun, Se-Young and Proutiere, Alexandre and others},
  booktitle={Advances in Neural Information Processing Systems},
  pages={3167--3175},
  year={2014}
}

@article{harenberg2014community,
  title={Community detection in large-scale networks: a survey and empirical evaluation},
  author={Harenberg, Steve and Bello, Gonzalo and Gjeltema, L and Ranshous, Stephen and Harlalka, Jitendra and Seay, Ramona and Padmanabhan, Kanchana and Samatova, Nagiza},
  journal={Wiley Interdisciplinary Reviews: Computational Statistics},
  volume={6},
  number={6},
  pages={426--439},
  year={2014},
  publisher={Wiley Online Library}
}

@article{binks2014,
  title={Streaming Community Random Evolution Algorithm for Modularity (UNPUBLISHED)},
  author={Amos-Binks, Adam and Dahlberg, Randall},
  year={2014},
  publisher={Unpublished}
}

@inproceedings{de2011generalized,
  title={Generalized louvain method for community detection in large networks},
  author={De Meo, Pasquale and Ferrara, Emilio and Fiumara, Giacomo and Provetti, Alessandro},
  booktitle={Intelligent Systems Design and Applications (ISDA), 2011 11th International Conference on},
  pages={88--93},
  year={2011},
  organization={IEEE}
}

@article{hahsler2011arules,
  title={The arules R-package ecosystem: analyzing interesting patterns from large transaction data sets},
  author={Hahsler, Michael and Chelluboina, Sudheer and Hornik, Kurt and Buchta, Christian},
  journal={The Journal of Machine Learning Research},
  volume={12},
  pages={2021--2025},
  year={2011},
  publisher={JMLR. org}
}

@article{hahsler2006model,
  title={A model-based frequency constraint for mining associations from transaction data},
  author={Hahsler, Michael},
  journal={Data Mining and Knowledge Discovery},
  volume={13},
  number={2},
  pages={137--166},
  year={2006},
  publisher={Springer}
}

@article{sharma20study,
  title={A Study of Sequential Pattern Mining Techniques},
  author={Sharma, Kapil and Ashok, Dr and Rohil, Harish},
  journal={space},
  volume={20},
  pages={21}
}

@article{langkvist2014review,
  title={A review of unsupervised feature learning and deep learning for time-series modeling},
  author={L{\"a}ngkvist, Martin and Karlsson, Lars and Loutfi, Amy},
  journal={Pattern Recognition Letters},
  volume={42},
  pages={11--24},
  year={2014},
  publisher={Elsevier}
}

@inproceedings{min2014deep,
  title={Deep Learning-Based Goal Recognition in Open-Ended Digital Games},
  author={Min, Wookhee and Ha, Eun Young and Rowe, Jonathan and Mott, Bradford and Lester, James},
  booktitle={Tenth Artificial Intelligence and Interactive Digital Entertainment Conference},
  year={2014}
}

@article{hinton2006reducing,
  title={Reducing the dimensionality of data with neural networks},
  author={Hinton, Geoffrey E and Salakhutdinov, Ruslan R},
  journal={Science},
  volume={313},
  number={5786},
  pages={504--507},
  year={2006},
  publisher={American Association for the Advancement of Science}
}

@inproceedings{hinton2009replicated,
  title={Replicated softmax: an undirected topic model},
  author={Hinton, Geoffrey E and Salakhutdinov, Ruslan R},
  booktitle={Advances in neural information processing systems},
  pages={1607--1614},
  year={2009}
}

@article{wang2014introduction,
  title={Introduction to Word2vec and its application to find predominant word senses},
  author={Wang, Huizhen},
  year={2014}
}

@inproceedings{hoffman2010online,
  title={Online learning for latent dirichlet allocation},
  author={Hoffman, Matthew and Bach, Francis R and Blei, David M},
  booktitle={advances in neural information processing systems},
  pages={856--864},
  year={2010}
}

@article{teh2006hierarchical,
  title={Hierarchical dirichlet processes},
  author={Teh, Yee Whye and Jordan, Michael I and Beal, Matthew J and Blei, David M},
  journal={Journal of the american statistical association},
  volume={101},
  number={476},
  year={2006}
}

@inproceedings{ramage2009labeled,
  title={Labeled LDA: A supervised topic model for credit attribution in multi-labeled corpora},
  author={Ramage, Daniel and Hall, David and Nallapati, Ramesh and Manning, Christopher D},
  booktitle={Proceedings of the 2009 Conference on Empirical Methods in Natural Language Processing: Volume 1-Volume 1},
  pages={248--256},
  year={2009},
  organization={Association for Computational Linguistics}
}

@book{psmrotar,
 author={Vladimir I. Rotar},
 title={Probability and Stochastic Modeling},
 publisher={CRC Press},
 year={2013}
}

@book{pspflor,
 author={Ionut Florescu},
 title={Probability and Stochastic Processes},
 publisher={Wiley},
 year={2015}
}

@inproceedings{spamc,
 title={Highly Scalable Sequential Pattern Mining Based on MapReduce Model on the Cloud},
 author={Chen, Chun-Chieh and Tseng, Chi-Yao and Chen, Ming-Syan},
 booktitle={2013 IEEE International Congress on Big Data},
 pages={310--317},
 year={2013},
 organization={IEEE}
}

@inproceedings{motiftimeseries,
  title={Multiresolution Motif Discovery in Time Series.},
  author={Castro, Nuno and Azevedo, Paulo J},
  organization={SIAM}
}

@article{Needleman1970443,
title = "A general method applicable to the search for similarities in the amino acid sequence of two proteins ",
journal = "Journal of Molecular Biology ",
volume = "48",
number = "3",
pages = "443 - 453",
year = "1970",
note = "",
issn = "0022-2836",
doi = "http://dx.doi.org/10.1016/0022-2836(70)90057-4",
url = "http://www.sciencedirect.com/science/article/pii/0022283670900574",
author = "Saul B. Needleman and Christian D. Wunsch"
}

@article{bowtie,
 title={Fast gapped-read alignment with Bowtie 2},
 journal={Nature Methods},
 volume={9},
 pages={357--359},
 year={2012},
 doi={doi:10.1038/nmeth.1923},
 author={Langmead, Ben and Salzberg, Steven L}
}

@conference{marztalk,
author={Nathan Marz},
title={A Call for Sanity in NoSQL},
booktitle={QCon London},
year={2014}
}

@inproceedings{agrawal1994fast,
  title={Fast algorithms for mining association rules},
  author={Agrawal, Rakesh and Srikant, Ramakrishnan and others},
  booktitle={Proc. 20th int. conf. very large data bases, VLDB},
  volume={1215},
  pages={487--499},
  year={1994}
}
